<record><leader>00000cas a2200000 a 4500</leader><controlfield tag="001">11145163</controlfield><controlfield tag="008">840912d19091912ksuwr ne      0   a0eng d</controlfield><controlfield tag="009">3789</controlfield><datafield ind1=" " ind2=" " tag="010"><subfield code="a">sn 84029701 </subfield></datafield><datafield ind1=" " ind2=" " tag="040"><subfield code="a">KSH</subfield><subfield code="b">eng</subfield><subfield code="c">KSH</subfield><subfield code="d">NPT</subfield><subfield code="d">OCL</subfield></datafield><datafield ind1="0" ind2=" " tag="041"><subfield code="a">engger</subfield></datafield><datafield ind1=" " ind2=" " tag="042"><subfield code="a">msc</subfield></datafield><datafield ind1="0" ind2=" " tag="130"><subfield code="a">Ellis County news (Hays City, Kan. : 1909)</subfield></datafield><datafield ind1="0" ind2="0" tag="245"><subfield code="a">Ellis County news.</subfield></datafield><datafield ind1=" " ind2=" " tag="260"><subfield code="a">Hays City, Kan. :</subfield><subfield code="b">News Pub. Co.,</subfield><subfield code="c">1909-1912.</subfield></datafield><datafield ind1=" " ind2=" " tag="300"><subfield code="a">3 v. :</subfield><subfield code="b">ill. ;</subfield><subfield code="c">60 cm.</subfield></datafield><datafield ind1=" " ind2=" " tag="310"><subfield code="a">Weekly</subfield></datafield><datafield ind1="0" ind2=" " tag="362"><subfield code="a">Vol. 13, no. 14 (Apr. 9, 1909)-v. 16, no. 30 (July 13, 1912).</subfield></datafield><datafield ind1=" " ind2=" " tag="500"><subfield code="a">"Democratic."</subfield></datafield><datafield ind1=" " ind2=" " tag="546"><subfield code="a">Some articles in German, Oct. 27, 1911-July 13, 1912.</subfield></datafield><datafield ind1=" " ind2=" " tag="752"><subfield code="a">United States</subfield><subfield code="b">Kansas</subfield><subfield code="c">Ellis</subfield><subfield code="d">Hays.</subfield></datafield><datafield ind1="0" ind2="0" tag="785"><subfield code="t">News (Hays City, Kan.)</subfield><subfield code="w">(DLC)sn 84029699</subfield></datafield><datafield ind1="0" ind2="7" tag="785"><subfield code="t">Republican (Hays City, Kan.)</subfield><subfield code="w">(DLC)sn 84029687</subfield></datafield><datafield ind1="0" ind2="7" tag="785"><subfield code="t">Ellis County news republican</subfield><subfield code="w">(DLC)sn 84029693</subfield></datafield></record>